<record><leader>00000cas a22000007a 4500</leader><controlfield tag="001">16144668</controlfield><controlfield tag="008">870708u1901uuuutxucr ne      0    0eng d</controlfield><datafield ind1=" " ind2=" " tag="010"><subfield code="a">sn 87090430 </subfield></datafield><datafield ind1=" " ind2=" " tag="040"><subfield code="a">PPM</subfield><subfield code="b">eng</subfield><subfield code="c">PPM</subfield><subfield code="d">OCLCQ</subfield></datafield><datafield ind1=" " ind2=" " tag="042"><subfield code="a">msc</subfield></datafield><datafield ind1="0" ind2="0" tag="245"><subfield code="a">Twice-a-week transcript.</subfield></datafield><datafield ind1=" " ind2=" " tag="260"><subfield code="a">Terrell, Tex. :</subfield><subfield code="b">H. Galbraith</subfield></datafield><datafield ind1=" " ind2=" " tag="310"><subfield code="a">Semiweekly</subfield></datafield><datafield ind1="1" ind2=" " tag="362"><subfield code="a">Began in 1901?</subfield></datafield><datafield ind1=" " ind2=" " tag="588"><subfield code="a">Description based on: Vol. 1, no 28 (Jan. 3, 1902).</subfield></datafield><datafield ind1=" " ind2=" " tag="752"><subfield code="a">United States</subfield><subfield code="b">Texas</subfield><subfield code="c">Kaufman</subfield><subfield code="d">Terrell.</subfield></datafield><datafield ind1="0" ind2="0" tag="785"><subfield code="t">Terrell twice-a-week transcript</subfield></datafield><datafield ind1="1" ind2=" " tag="029"><subfield code="a">AU@</subfield><subfield code="b">000025825779</subfield></datafield></record>